%YAML 1.1
%TAG !u! tag:unity3d.com,2011:
--- !u!29 &1
OcclusionCullingSettings:
  m_ObjectHideFlags: 0
  serializedVersion: 2
  m_OcclusionBakeSettings:
    smallestOccluder: 5
    smallestHole: 0.25
    backfaceThreshold: 100
  m_SceneGUID: 00000000000000000000000000000000
  m_OcclusionCullingData: {fileID: 0}
--- !u!104 &2
RenderSettings:
  m_ObjectHideFlags: 0
  serializedVersion: 9
  m_Fog: 0
  m_FogColor: {r: 0.5, g: 0.5, b: 0.5, a: 1}
  m_FogMode: 3
  m_FogDensity: 0.01
  m_LinearFogStart: 0
  m_LinearFogEnd: 300
  m_AmbientSkyColor: {r: 0.212, g: 0.227, b: 0.259, a: 1}
  m_AmbientEquatorColor: {r: 0.114, g: 0.125, b: 0.133, a: 1}
  m_AmbientGroundColor: {r: 0.047, g: 0.043, b: 0.035, a: 1}
  m_AmbientIntensity: 1
  m_AmbientMode: 0
  m_SubtractiveShadowColor: {r: 0.42, g: 0.478, b: 0.627, a: 1}
  m_SkyboxMaterial: {fileID: 10304, guid: 0000000000000000f000000000000000, type: 0}
  m_HaloStrength: 0.5
  m_FlareStrength: 1
  m_FlareFadeSpeed: 3
  m_HaloTexture: {fileID: 0}
  m_SpotCookie: {fileID: 10001, guid: 0000000000000000e000000000000000, type: 0}
  m_DefaultReflectionMode: 0
  m_DefaultReflectionResolution: 128
  m_ReflectionBounces: 1
  m_ReflectionIntensity: 1
  m_CustomReflection: {fileID: 0}
  m_Sun: {fileID: 0}
  m_IndirectSpecularColor: {r: 0.44657898, g: 0.4964133, b: 0.5748178, a: 1}
  m_UseRadianceAmbientProbe: 0
--- !u!157 &3
LightmapSettings:
  m_ObjectHideFlags: 0
  serializedVersion: 11
  m_GIWorkflowMode: 1
  m_GISettings:
    serializedVersion: 2
    m_BounceScale: 1
    m_IndirectOutputScale: 1
    m_AlbedoBoost: 1
    m_TemporalCoherenceThreshold: 1
    m_EnvironmentLightingMode: 0
    m_EnableBakedLightmaps: 1
    m_EnableRealtimeLightmaps: 0
  m_LightmapEditorSettings:
    serializedVersion: 10
    m_Resolution: 2
    m_BakeResolution: 10
    m_AtlasSize: 512
    m_AO: 0
    m_AOMaxDistance: 1
    m_CompAOExponent: 1
    m_CompAOExponentDirect: 0
    m_Padding: 2
    m_LightmapParameters: {fileID: 0}
    m_LightmapsBakeMode: 1
    m_TextureCompression: 1
    m_FinalGather: 0
    m_FinalGatherFiltering: 1
    m_FinalGatherRayCount: 256
    m_ReflectionCompression: 2
    m_MixedBakeMode: 2
    m_BakeBackend: 1
    m_PVRSampling: 1
    m_PVRDirectSampleCount: 32
    m_PVRSampleCount: 256
    m_PVRBounces: 2
    m_PVRFilterTypeDirect: 0
    m_PVRFilterTypeIndirect: 0
    m_PVRFilterTypeAO: 0
    m_PVRFilteringMode: 1
    m_PVRCulling: 1
    m_PVRFilteringGaussRadiusDirect: 1
    m_PVRFilteringGaussRadiusIndirect: 5
    m_PVRFilteringGaussRadiusAO: 2
    m_PVRFilteringAtrousPositionSigmaDirect: 0.5
    m_PVRFilteringAtrousPositionSigmaIndirect: 2
    m_PVRFilteringAtrousPositionSigmaAO: 1
    m_ShowResolutionOverlay: 1
  m_LightingDataAsset: {fileID: 112000002, guid: 80b77574721276b45b90b4955709ea9d,
    type: 2}
  m_UseShadowmask: 1
--- !u!196 &4
NavMeshSettings:
  serializedVersion: 2
  m_ObjectHideFlags: 0
  m_BuildSettings:
    serializedVersion: 2
    agentTypeID: 0
    agentRadius: 0.5
    agentHeight: 2
    agentSlope: 45
    agentClimb: 0.4
    ledgeDropHeight: 0
    maxJumpAcrossDistance: 0
    minRegionArea: 2
    manualCellSize: 0
    cellSize: 0.16666667
    manualTileSize: 0
    tileSize: 256
    accuratePlacement: 0
    debug:
      m_Flags: 0
  m_NavMeshData: {fileID: 23800000, guid: 182aefd8def24cc49b82ec9f2c4d41b9, type: 2}
--- !u!4 &127414271 stripped
Transform:
  m_CorrespondingSourceObject: {fileID: 408730, guid: caed91b04a52d7747932aefe97b7cff4,
    type: 2}
  m_PrefabInternal: {fileID: 766389243}
--- !u!1 &170076733
GameObject:
  m_ObjectHideFlags: 0
  m_CorrespondingSourceObject: {fileID: 0}
  m_PrefabInternal: {fileID: 0}
  serializedVersion: 6
  m_Component:
  - component: {fileID: 170076735}
  - component: {fileID: 170076734}
  m_Layer: 0
  m_Name: Directional Light
  m_TagString: Untagged
  m_Icon: {fileID: 0}
  m_NavMeshLayer: 0
  m_StaticEditorFlags: 0
  m_IsActive: 1
--- !u!108 &170076734
Light:
  m_ObjectHideFlags: 0
  m_CorrespondingSourceObject: {fileID: 0}
  m_PrefabInternal: {fileID: 0}
  m_GameObject: {fileID: 170076733}
  m_Enabled: 1
  serializedVersion: 8
  m_Type: 1
  m_Color: {r: 1, g: 0.95686275, b: 0.8392157, a: 1}
  m_Intensity: 1
  m_Range: 10
  m_SpotAngle: 30
  m_CookieSize: 10
  m_Shadows:
    m_Type: 2
    m_Resolution: -1
    m_CustomResolution: -1
    m_Strength: 1
    m_Bias: 0.05
    m_NormalBias: 0.4
    m_NearPlane: 0.2
  m_Cookie: {fileID: 0}
  m_DrawHalo: 0
  m_Flare: {fileID: 0}
  m_RenderMode: 0
  m_CullingMask:
    serializedVersion: 2
    m_Bits: 4294967295
  m_Lightmapping: 1
  m_LightShadowCasterMode: 0
  m_AreaSize: {x: 1, y: 1}
  m_BounceIntensity: 1
  m_ColorTemperature: 6570
  m_UseColorTemperature: 0
  m_ShadowRadius: 0
  m_ShadowAngle: 0
--- !u!4 &170076735
Transform:
  m_ObjectHideFlags: 0
  m_CorrespondingSourceObject: {fileID: 0}
  m_PrefabInternal: {fileID: 0}
  m_GameObject: {fileID: 170076733}
  m_LocalRotation: {x: 0.40821788, y: -0.23456968, z: 0.10938163, w: 0.8754261}
  m_LocalPosition: {x: 0, y: 3, z: 0}
  m_LocalScale: {x: 1, y: 1, z: 1}
  m_Children: []
  m_Father: {fileID: 0}
  m_RootOrder: 4
  m_LocalEulerAnglesHint: {x: 50, y: -30, z: 0}
--- !u!4 &183347525 stripped
Transform:
  m_CorrespondingSourceObject: {fileID: 4856087298316178, guid: 833a3cbec60a98b4991b7bfaa00b878f,
    type: 2}
  m_PrefabInternal: {fileID: 2023145839}
--- !u!1001 &261229699
Prefab:
  m_ObjectHideFlags: 0
  serializedVersion: 2
  m_Modification:
    m_TransformParent: {fileID: 1351444836}
    m_Modifications:
    - target: {fileID: 4203307151462902, guid: 614d11320b817c04685ec13aef76aa3a, type: 2}
      propertyPath: m_LocalPosition.x
      value: -19.71
      objectReference: {fileID: 0}
    - target: {fileID: 4203307151462902, guid: 614d11320b817c04685ec13aef76aa3a, type: 2}
      propertyPath: m_LocalPosition.y
      value: 0
      objectReference: {fileID: 0}
    - target: {fileID: 4203307151462902, guid: 614d11320b817c04685ec13aef76aa3a, type: 2}
      propertyPath: m_LocalPosition.z
      value: 4.99
      objectReference: {fileID: 0}
    - target: {fileID: 4203307151462902, guid: 614d11320b817c04685ec13aef76aa3a, type: 2}
      propertyPath: m_LocalRotation.x
      value: -0
      objectReference: {fileID: 0}
    - target: {fileID: 4203307151462902, guid: 614d11320b817c04685ec13aef76aa3a, type: 2}
      propertyPath: m_LocalRotation.y
      value: -0
      objectReference: {fileID: 0}
    - target: {fileID: 4203307151462902, guid: 614d11320b817c04685ec13aef76aa3a, type: 2}
      propertyPath: m_LocalRotation.z
      value: -0
      objectReference: {fileID: 0}
    - target: {fileID: 4203307151462902, guid: 614d11320b817c04685ec13aef76aa3a, type: 2}
      propertyPath: m_LocalRotation.w
      value: 1
      objectReference: {fileID: 0}
    - target: {fileID: 4203307151462902, guid: 614d11320b817c04685ec13aef76aa3a, type: 2}
      propertyPath: m_RootOrder
      value: 3
      objectReference: {fileID: 0}
    - target: {fileID: 1574785241151032, guid: 614d11320b817c04685ec13aef76aa3a, type: 2}
      propertyPath: m_Name
      value: House (1)
      objectReference: {fileID: 0}
    m_RemovedComponents: []
  m_SourcePrefab: {fileID: 100100000, guid: 614d11320b817c04685ec13aef76aa3a, type: 2}
  m_IsPrefabAsset: 0
--- !u!4 &261229700 stripped
Transform:
  m_CorrespondingSourceObject: {fileID: 4203307151462902, guid: 614d11320b817c04685ec13aef76aa3a,
    type: 2}
  m_PrefabInternal: {fileID: 261229699}
--- !u!1001 &366873179
Prefab:
  m_ObjectHideFlags: 0
  serializedVersion: 2
  m_Modification:
    m_TransformParent: {fileID: 1351444836}
    m_Modifications:
    - target: {fileID: 4203307151462902, guid: 614d11320b817c04685ec13aef76aa3a, type: 2}
      propertyPath: m_LocalPosition.x
      value: 28.09
      objectReference: {fileID: 0}
    - target: {fileID: 4203307151462902, guid: 614d11320b817c04685ec13aef76aa3a, type: 2}
      propertyPath: m_LocalPosition.y
      value: -0.85
      objectReference: {fileID: 0}
    - target: {fileID: 4203307151462902, guid: 614d11320b817c04685ec13aef76aa3a, type: 2}
      propertyPath: m_LocalPosition.z
      value: -6.21
      objectReference: {fileID: 0}
    - target: {fileID: 4203307151462902, guid: 614d11320b817c04685ec13aef76aa3a, type: 2}
      propertyPath: m_LocalRotation.x
      value: 0
      objectReference: {fileID: 0}
    - target: {fileID: 4203307151462902, guid: 614d11320b817c04685ec13aef76aa3a, type: 2}
      propertyPath: m_LocalRotation.y
      value: 0.7071068
      objectReference: {fileID: 0}
    - target: {fileID: 4203307151462902, guid: 614d11320b817c04685ec13aef76aa3a, type: 2}
      propertyPath: m_LocalRotation.z
      value: 0
      objectReference: {fileID: 0}
    - target: {fileID: 4203307151462902, guid: 614d11320b817c04685ec13aef76aa3a, type: 2}
      propertyPath: m_LocalRotation.w
      value: 0.7071068
      objectReference: {fileID: 0}
    - target: {fileID: 4203307151462902, guid: 614d11320b817c04685ec13aef76aa3a, type: 2}
      propertyPath: m_RootOrder
      value: 7
      objectReference: {fileID: 0}
    - target: {fileID: 1574785241151032, guid: 614d11320b817c04685ec13aef76aa3a, type: 2}
      propertyPath: m_Name
      value: House (4)
      objectReference: {fileID: 0}
    - target: {fileID: 4203307151462902, guid: 614d11320b817c04685ec13aef76aa3a, type: 2}
      propertyPath: m_LocalEulerAnglesHint.y
      value: 90
      objectReference: {fileID: 0}
    - target: {fileID: 4203307151462902, guid: 614d11320b817c04685ec13aef76aa3a, type: 2}
      propertyPath: m_LocalScale.x
      value: 1.0000005
      objectReference: {fileID: 0}
    - target: {fileID: 4203307151462902, guid: 614d11320b817c04685ec13aef76aa3a, type: 2}
      propertyPath: m_LocalScale.z
      value: 1.0000005
      objectReference: {fileID: 0}
    m_RemovedComponents: []
  m_SourcePrefab: {fileID: 100100000, guid: 614d11320b817c04685ec13aef76aa3a, type: 2}
  m_IsPrefabAsset: 0
--- !u!4 &366873180 stripped
Transform:
  m_CorrespondingSourceObject: {fileID: 4203307151462902, guid: 614d11320b817c04685ec13aef76aa3a,
    type: 2}
  m_PrefabInternal: {fileID: 366873179}
--- !u!1 &457986304
GameObject:
  m_ObjectHideFlags: 0
  m_CorrespondingSourceObject: {fileID: 0}
  m_PrefabInternal: {fileID: 0}
  serializedVersion: 6
  m_Component:
  - component: {fileID: 457986307}
  - component: {fileID: 457986306}
  - component: {fileID: 457986305}
  m_Layer: 9
  m_Name: Terrain
  m_TagString: Untagged
  m_Icon: {fileID: 0}
  m_NavMeshLayer: 0
  m_StaticEditorFlags: 4294967295
  m_IsActive: 1
--- !u!154 &457986305
TerrainCollider:
  m_ObjectHideFlags: 0
  m_CorrespondingSourceObject: {fileID: 0}
  m_PrefabInternal: {fileID: 0}
  m_GameObject: {fileID: 457986304}
  m_Material: {fileID: 0}
  m_Enabled: 1
  m_TerrainData: {fileID: 15600000, guid: 8e352b49136dec44b8099179ea01b6f8, type: 2}
  m_EnableTreeColliders: 1
--- !u!218 &457986306
Terrain:
  m_ObjectHideFlags: 0
  m_CorrespondingSourceObject: {fileID: 0}
  m_PrefabInternal: {fileID: 0}
  m_GameObject: {fileID: 457986304}
  m_Enabled: 1
  serializedVersion: 3
  m_TerrainData: {fileID: 15600000, guid: 8e352b49136dec44b8099179ea01b6f8, type: 2}
  m_TreeDistance: 5000
  m_TreeBillboardDistance: 50
  m_TreeCrossFadeLength: 5
  m_TreeMaximumFullLODCount: 50
  m_DetailObjectDistance: 80
  m_DetailObjectDensity: 1
  m_HeightmapPixelError: 5
  m_SplatMapDistance: 1000
  m_HeightmapMaximumLOD: 0
  m_CastShadows: 1
  m_DrawHeightmap: 1
  m_DrawTreesAndFoliage: 1
  m_ReflectionProbeUsage: 1
  m_MaterialType: 0
  m_LegacySpecular:
    serializedVersion: 2
    rgba: 4286545791
  m_LegacyShininess: 0.078125
  m_MaterialTemplate: {fileID: 0}
  m_BakeLightProbesForTrees: 1
  m_PreserveTreePrototypeLayers: 0
  m_ScaleInLightmap: 0.1024
  m_LightmapParameters: {fileID: 15203, guid: 0000000000000000f000000000000000, type: 0}
--- !u!4 &457986307
Transform:
  m_ObjectHideFlags: 0
  m_CorrespondingSourceObject: {fileID: 0}
  m_PrefabInternal: {fileID: 0}
  m_GameObject: {fileID: 457986304}
  m_LocalRotation: {x: 0, y: 0, z: 0, w: 1}
  m_LocalPosition: {x: -258, y: -100, z: -238}
  m_LocalScale: {x: 1, y: 1, z: 1}
  m_Children: []
  m_Father: {fileID: 1351444836}
  m_RootOrder: 0
  m_LocalEulerAnglesHint: {x: 0, y: 0, z: 0}
--- !u!1001 &766389243
Prefab:
  m_ObjectHideFlags: 0
  serializedVersion: 2
  m_Modification:
    m_TransformParent: {fileID: 1162141475}
    m_Modifications:
    - target: {fileID: 408730, guid: caed91b04a52d7747932aefe97b7cff4, type: 2}
      propertyPath: m_LocalPosition.x
      value: 1.3161926
      objectReference: {fileID: 0}
    - target: {fileID: 408730, guid: caed91b04a52d7747932aefe97b7cff4, type: 2}
      propertyPath: m_LocalPosition.y
      value: 0
      objectReference: {fileID: 0}
    - target: {fileID: 408730, guid: caed91b04a52d7747932aefe97b7cff4, type: 2}
      propertyPath: m_LocalPosition.z
      value: -2.0430357
      objectReference: {fileID: 0}
    - target: {fileID: 408730, guid: caed91b04a52d7747932aefe97b7cff4, type: 2}
      propertyPath: m_LocalRotation.x
      value: -0
      objectReference: {fileID: 0}
    - target: {fileID: 408730, guid: caed91b04a52d7747932aefe97b7cff4, type: 2}
      propertyPath: m_LocalRotation.y
      value: -0
      objectReference: {fileID: 0}
    - target: {fileID: 408730, guid: caed91b04a52d7747932aefe97b7cff4, type: 2}
      propertyPath: m_LocalRotation.z
      value: -0
      objectReference: {fileID: 0}
    - target: {fileID: 408730, guid: caed91b04a52d7747932aefe97b7cff4, type: 2}
      propertyPath: m_LocalRotation.w
      value: 1
      objectReference: {fileID: 0}
    - target: {fileID: 408730, guid: caed91b04a52d7747932aefe97b7cff4, type: 2}
      propertyPath: m_RootOrder
      value: 0
      objectReference: {fileID: 0}
    m_RemovedComponents: []
  m_SourcePrefab: {fileID: 100100000, guid: caed91b04a52d7747932aefe97b7cff4, type: 2}
  m_IsPrefabAsset: 0
--- !u!1001 &831197102
Prefab:
  m_ObjectHideFlags: 0
  serializedVersion: 2
  m_Modification:
    m_TransformParent: {fileID: 0}
    m_Modifications:
    - target: {fileID: 224105136012598370, guid: 75a43cca039264395b99698681e52275,
        type: 2}
      propertyPath: m_RootOrder
      value: 3
      objectReference: {fileID: 0}
    - target: {fileID: 224105136012598370, guid: 75a43cca039264395b99698681e52275,
        type: 2}
      propertyPath: m_LocalPosition.x
      value: 0
      objectReference: {fileID: 0}
    - target: {fileID: 224105136012598370, guid: 75a43cca039264395b99698681e52275,
        type: 2}
      propertyPath: m_LocalPosition.y
      value: 0
      objectReference: {fileID: 0}
    - target: {fileID: 224105136012598370, guid: 75a43cca039264395b99698681e52275,
        type: 2}
      propertyPath: m_LocalPosition.z
      value: 0
      objectReference: {fileID: 0}
    - target: {fileID: 224105136012598370, guid: 75a43cca039264395b99698681e52275,
        type: 2}
      propertyPath: m_LocalRotation.x
      value: 0
      objectReference: {fileID: 0}
    - target: {fileID: 224105136012598370, guid: 75a43cca039264395b99698681e52275,
        type: 2}
      propertyPath: m_LocalRotation.y
      value: 0
      objectReference: {fileID: 0}
    - target: {fileID: 224105136012598370, guid: 75a43cca039264395b99698681e52275,
        type: 2}
      propertyPath: m_LocalRotation.z
      value: 0
      objectReference: {fileID: 0}
    - target: {fileID: 224105136012598370, guid: 75a43cca039264395b99698681e52275,
        type: 2}
      propertyPath: m_LocalRotation.w
      value: 1
      objectReference: {fileID: 0}
    - target: {fileID: 224105136012598370, guid: 75a43cca039264395b99698681e52275,
        type: 2}
      propertyPath: m_RootOrder
      value: 3
      objectReference: {fileID: 0}
    - target: {fileID: 224105136012598370, guid: 75a43cca039264395b99698681e52275,
        type: 2}
      propertyPath: m_AnchoredPosition.x
      value: 0
      objectReference: {fileID: 0}
    - target: {fileID: 224105136012598370, guid: 75a43cca039264395b99698681e52275,
        type: 2}
      propertyPath: m_AnchoredPosition.y
      value: 0
      objectReference: {fileID: 0}
    - target: {fileID: 224105136012598370, guid: 75a43cca039264395b99698681e52275,
        type: 2}
      propertyPath: m_SizeDelta.x
      value: 0
      objectReference: {fileID: 0}
    - target: {fileID: 224105136012598370, guid: 75a43cca039264395b99698681e52275,
        type: 2}
      propertyPath: m_SizeDelta.y
      value: 0
      objectReference: {fileID: 0}
    - target: {fileID: 224105136012598370, guid: 75a43cca039264395b99698681e52275,
        type: 2}
      propertyPath: m_AnchorMin.x
      value: 0
      objectReference: {fileID: 0}
    - target: {fileID: 224105136012598370, guid: 75a43cca039264395b99698681e52275,
        type: 2}
      propertyPath: m_AnchorMin.y
      value: 0
      objectReference: {fileID: 0}
    - target: {fileID: 224105136012598370, guid: 75a43cca039264395b99698681e52275,
        type: 2}
      propertyPath: m_AnchorMax.x
      value: 0
      objectReference: {fileID: 0}
    - target: {fileID: 224105136012598370, guid: 75a43cca039264395b99698681e52275,
        type: 2}
      propertyPath: m_AnchorMax.y
      value: 0
      objectReference: {fileID: 0}
    - target: {fileID: 224105136012598370, guid: 75a43cca039264395b99698681e52275,
        type: 2}
      propertyPath: m_Pivot.x
      value: 0
      objectReference: {fileID: 0}
    - target: {fileID: 224105136012598370, guid: 75a43cca039264395b99698681e52275,
        type: 2}
      propertyPath: m_Pivot.y
      value: 0
      objectReference: {fileID: 0}
    - target: {fileID: 114225469873570598, guid: 75a43cca039264395b99698681e52275,
        type: 2}
      propertyPath: m_Enabled
      value: 1
      objectReference: {fileID: 0}
    - target: {fileID: 1653876244793134, guid: 75a43cca039264395b99698681e52275, type: 2}
      propertyPath: m_IsActive
      value: 1
      objectReference: {fileID: 0}
    m_RemovedComponents: []
  m_SourcePrefab: {fileID: 100100000, guid: 75a43cca039264395b99698681e52275, type: 2}
  m_IsPrefabAsset: 0
--- !u!1 &854818989
GameObject:
  m_ObjectHideFlags: 0
  m_CorrespondingSourceObject: {fileID: 1335680481500236, guid: 1f560a3b4e6d07e4c8847539f63c11ff,
    type: 2}
  m_PrefabInternal: {fileID: 0}
  serializedVersion: 6
  m_Component:
  - component: {fileID: 854818991}
  - component: {fileID: 854818990}
  m_Layer: 0
  m_Name: Camera Arm
  m_TagString: Untagged
  m_Icon: {fileID: 0}
  m_NavMeshLayer: 0
  m_StaticEditorFlags: 0
  m_IsActive: 1
--- !u!114 &854818990
MonoBehaviour:
  m_ObjectHideFlags: 0
  m_CorrespondingSourceObject: {fileID: 114937456676222190, guid: 1f560a3b4e6d07e4c8847539f63c11ff,
    type: 2}
  m_PrefabInternal: {fileID: 0}
  m_GameObject: {fileID: 854818989}
  m_Enabled: 1
  m_EditorHideFlags: 0
  m_Script: {fileID: 11500000, guid: 1f38397a5b56d9b44b4c13df92053e12, type: 3}
  m_Name: 
  m_EditorClassIdentifier: 
  gameCanvasPrefab: {fileID: 1653876244793134, guid: 75a43cca039264395b99698681e52275,
    type: 2}
  eventSystemPrefab: {fileID: 1110802628024388, guid: aa7d9f10fc88b4dc98864db21f2887b8,
    type: 2}
--- !u!4 &854818991
Transform:
  m_ObjectHideFlags: 0
  m_CorrespondingSourceObject: {fileID: 4177440564513984, guid: 1f560a3b4e6d07e4c8847539f63c11ff,
    type: 2}
  m_PrefabInternal: {fileID: 0}
  m_GameObject: {fileID: 854818989}
  m_LocalRotation: {x: -0, y: 0.5348382, z: -0, w: 0.8449545}
  m_LocalPosition: {x: 1.69, y: 7.76, z: 0}
  m_LocalScale: {x: 1, y: 1, z: 1}
  m_Children:
  - {fileID: 1909053609}
  m_Father: {fileID: 0}
  m_RootOrder: 0
  m_LocalEulerAnglesHint: {x: 0, y: 64.666, z: 0}
--- !u!1001 &902056643
Prefab:
  m_ObjectHideFlags: 0
  serializedVersion: 2
  m_Modification:
    m_TransformParent: {fileID: 1351444836}
    m_Modifications:
    - target: {fileID: 4203307151462902, guid: 614d11320b817c04685ec13aef76aa3a, type: 2}
      propertyPath: m_LocalPosition.x
      value: -2.05
      objectReference: {fileID: 0}
    - target: {fileID: 4203307151462902, guid: 614d11320b817c04685ec13aef76aa3a, type: 2}
      propertyPath: m_LocalPosition.y
      value: 0
      objectReference: {fileID: 0}
    - target: {fileID: 4203307151462902, guid: 614d11320b817c04685ec13aef76aa3a, type: 2}
      propertyPath: m_LocalPosition.z
      value: -20.03
      objectReference: {fileID: 0}
    - target: {fileID: 4203307151462902, guid: 614d11320b817c04685ec13aef76aa3a, type: 2}
      propertyPath: m_LocalRotation.x
      value: 0
      objectReference: {fileID: 0}
    - target: {fileID: 4203307151462902, guid: 614d11320b817c04685ec13aef76aa3a, type: 2}
      propertyPath: m_LocalRotation.y
      value: -0.7071068
      objectReference: {fileID: 0}
    - target: {fileID: 4203307151462902, guid: 614d11320b817c04685ec13aef76aa3a, type: 2}
      propertyPath: m_LocalRotation.z
      value: 0
      objectReference: {fileID: 0}
    - target: {fileID: 4203307151462902, guid: 614d11320b817c04685ec13aef76aa3a, type: 2}
      propertyPath: m_LocalRotation.w
      value: 0.7071068
      objectReference: {fileID: 0}
    - target: {fileID: 4203307151462902, guid: 614d11320b817c04685ec13aef76aa3a, type: 2}
      propertyPath: m_RootOrder
      value: 4
      objectReference: {fileID: 0}
    - target: {fileID: 1574785241151032, guid: 614d11320b817c04685ec13aef76aa3a, type: 2}
      propertyPath: m_Name
      value: House (2)
      objectReference: {fileID: 0}
    - target: {fileID: 4203307151462902, guid: 614d11320b817c04685ec13aef76aa3a, type: 2}
      propertyPath: m_LocalEulerAnglesHint.y
      value: -90
      objectReference: {fileID: 0}
    m_RemovedComponents: []
  m_SourcePrefab: {fileID: 100100000, guid: 614d11320b817c04685ec13aef76aa3a, type: 2}
  m_IsPrefabAsset: 0
--- !u!4 &902056644 stripped
Transform:
  m_CorrespondingSourceObject: {fileID: 4203307151462902, guid: 614d11320b817c04685ec13aef76aa3a,
    type: 2}
  m_PrefabInternal: {fileID: 902056643}
--- !u!1001 &975677184
Prefab:
  m_ObjectHideFlags: 0
  serializedVersion: 2
  m_Modification:
    m_TransformParent: {fileID: 0}
    m_Modifications:
    - target: {fileID: 408730, guid: 7737647c22c1fc64a88d5cd030c352ce, type: 2}
      propertyPath: m_LocalPosition.x
      value: 0
      objectReference: {fileID: 0}
    - target: {fileID: 408730, guid: 7737647c22c1fc64a88d5cd030c352ce, type: 2}
      propertyPath: m_LocalPosition.y
      value: 0
      objectReference: {fileID: 0}
    - target: {fileID: 408730, guid: 7737647c22c1fc64a88d5cd030c352ce, type: 2}
      propertyPath: m_LocalPosition.z
      value: 0
      objectReference: {fileID: 0}
    - target: {fileID: 408730, guid: 7737647c22c1fc64a88d5cd030c352ce, type: 2}
      propertyPath: m_LocalRotation.x
      value: 0
      objectReference: {fileID: 0}
    - target: {fileID: 408730, guid: 7737647c22c1fc64a88d5cd030c352ce, type: 2}
      propertyPath: m_LocalRotation.y
      value: 0
      objectReference: {fileID: 0}
    - target: {fileID: 408730, guid: 7737647c22c1fc64a88d5cd030c352ce, type: 2}
      propertyPath: m_LocalRotation.z
      value: 0
      objectReference: {fileID: 0}
    - target: {fileID: 408730, guid: 7737647c22c1fc64a88d5cd030c352ce, type: 2}
      propertyPath: m_LocalRotation.w
      value: 1
      objectReference: {fileID: 0}
    - target: {fileID: 408730, guid: 7737647c22c1fc64a88d5cd030c352ce, type: 2}
      propertyPath: m_RootOrder
      value: 2
      objectReference: {fileID: 0}
    m_RemovedComponents: []
  m_SourcePrefab: {fileID: 100100000, guid: 7737647c22c1fc64a88d5cd030c352ce, type: 2}
  m_IsPrefabAsset: 0
--- !u!1 &1162141474
GameObject:
  m_ObjectHideFlags: 0
  m_CorrespondingSourceObject: {fileID: 0}
  m_PrefabInternal: {fileID: 0}
  serializedVersion: 6
  m_Component:
  - component: {fileID: 1162141475}
  m_Layer: 0
  m_Name: Enemies
  m_TagString: Untagged
  m_Icon: {fileID: 0}
  m_NavMeshLayer: 0
  m_StaticEditorFlags: 0
  m_IsActive: 1
--- !u!4 &1162141475
Transform:
  m_ObjectHideFlags: 0
  m_CorrespondingSourceObject: {fileID: 0}
  m_PrefabInternal: {fileID: 0}
  m_GameObject: {fileID: 1162141474}
  m_LocalRotation: {x: 0, y: 0, z: 0, w: 1}
  m_LocalPosition: {x: 0, y: 0, z: 0}
  m_LocalScale: {x: 1, y: 1, z: 1}
  m_Children:
  - {fileID: 127414271}
  m_Father: {fileID: 0}
  m_RootOrder: 6
  m_LocalEulerAnglesHint: {x: 0, y: 0, z: 0}
--- !u!1 &1168031561
GameObject:
  m_ObjectHideFlags: 0
  m_CorrespondingSourceObject: {fileID: 0}
  m_PrefabInternal: {fileID: 0}
  serializedVersion: 6
  m_Component:
  - component: {fileID: 1168031562}
  - component: {fileID: 1168031565}
  - component: {fileID: 1168031564}
  - component: {fileID: 1168031563}
  m_Layer: 9
  m_Name: Bridge
  m_TagString: Untagged
  m_Icon: {fileID: 0}
  m_NavMeshLayer: 0
  m_StaticEditorFlags: 0
  m_IsActive: 1
--- !u!4 &1168031562
Transform:
  m_ObjectHideFlags: 0
  m_CorrespondingSourceObject: {fileID: 0}
  m_PrefabInternal: {fileID: 0}
  m_GameObject: {fileID: 1168031561}
  m_LocalRotation: {x: -0, y: -0.25792512, z: -0, w: 0.96616495}
  m_LocalPosition: {x: 54.71, y: -0.18, z: -35.81}
  m_LocalScale: {x: 29.638763, y: 0.1, z: 2}
  m_Children: []
  m_Father: {fileID: 1351444836}
  m_RootOrder: 8
  m_LocalEulerAnglesHint: {x: 0, y: -29.894001, z: 0}
--- !u!65 &1168031563
BoxCollider:
  m_ObjectHideFlags: 0
  m_CorrespondingSourceObject: {fileID: 0}
  m_PrefabInternal: {fileID: 0}
  m_GameObject: {fileID: 1168031561}
  m_Material: {fileID: 0}
  m_IsTrigger: 0
  m_Enabled: 1
  serializedVersion: 2
  m_Size: {x: 1, y: 1, z: 1}
  m_Center: {x: 0, y: 0, z: 0}
--- !u!23 &1168031564
MeshRenderer:
  m_ObjectHideFlags: 0
  m_CorrespondingSourceObject: {fileID: 0}
  m_PrefabInternal: {fileID: 0}
  m_GameObject: {fileID: 1168031561}
  m_Enabled: 1
  m_CastShadows: 1
  m_ReceiveShadows: 1
  m_DynamicOccludee: 1
  m_MotionVectors: 1
  m_LightProbeUsage: 1
  m_ReflectionProbeUsage: 1
  m_RenderingLayerMask: 4294967295
  m_Materials:
  - {fileID: 10303, guid: 0000000000000000f000000000000000, type: 0}
  m_StaticBatchInfo:
    firstSubMesh: 0
    subMeshCount: 0
  m_StaticBatchRoot: {fileID: 0}
  m_ProbeAnchor: {fileID: 0}
  m_LightProbeVolumeOverride: {fileID: 0}
  m_ScaleInLightmap: 1
  m_PreserveUVs: 0
  m_IgnoreNormalsForChartDetection: 0
  m_ImportantGI: 0
  m_StitchLightmapSeams: 0
  m_SelectedEditorRenderState: 3
  m_MinimumChartSize: 4
  m_AutoUVMaxDistance: 0.5
  m_AutoUVMaxAngle: 89
  m_LightmapParameters: {fileID: 0}
  m_SortingLayerID: 0
  m_SortingLayer: 0
  m_SortingOrder: 0
--- !u!33 &1168031565
MeshFilter:
  m_ObjectHideFlags: 0
  m_CorrespondingSourceObject: {fileID: 0}
  m_PrefabInternal: {fileID: 0}
  m_GameObject: {fileID: 1168031561}
  m_Mesh: {fileID: 10202, guid: 0000000000000000e000000000000000, type: 0}
--- !u!1 &1201200302
GameObject:
  m_ObjectHideFlags: 0
  m_CorrespondingSourceObject: {fileID: 0}
  m_PrefabInternal: {fileID: 0}
  serializedVersion: 6
  m_Component:
  - component: {fileID: 1201200305}
  - component: {fileID: 1201200304}
  - component: {fileID: 1201200303}
  m_Layer: 0
  m_Name: Barrell
  m_TagString: Untagged
  m_Icon: {fileID: 0}
  m_NavMeshLayer: 0
  m_StaticEditorFlags: 0
  m_IsActive: 1
--- !u!23 &1201200303
MeshRenderer:
  m_ObjectHideFlags: 0
  m_CorrespondingSourceObject: {fileID: 0}
  m_PrefabInternal: {fileID: 0}
  m_GameObject: {fileID: 1201200302}
  m_Enabled: 1
  m_CastShadows: 1
  m_ReceiveShadows: 1
  m_DynamicOccludee: 1
  m_MotionVectors: 1
  m_LightProbeUsage: 1
  m_ReflectionProbeUsage: 1
  m_RenderingLayerMask: 4294967295
  m_Materials:
  - {fileID: 0}
  m_StaticBatchInfo:
    firstSubMesh: 0
    subMeshCount: 0
  m_StaticBatchRoot: {fileID: 0}
  m_ProbeAnchor: {fileID: 0}
  m_LightProbeVolumeOverride: {fileID: 0}
  m_ScaleInLightmap: 1
  m_PreserveUVs: 0
  m_IgnoreNormalsForChartDetection: 0
  m_ImportantGI: 0
  m_StitchLightmapSeams: 0
  m_SelectedEditorRenderState: 3
  m_MinimumChartSize: 4
  m_AutoUVMaxDistance: 0.5
  m_AutoUVMaxAngle: 89
  m_LightmapParameters: {fileID: 0}
  m_SortingLayerID: 0
  m_SortingLayer: 0
  m_SortingOrder: 0
--- !u!33 &1201200304
MeshFilter:
  m_ObjectHideFlags: 0
  m_CorrespondingSourceObject: {fileID: 0}
  m_PrefabInternal: {fileID: 0}
  m_GameObject: {fileID: 1201200302}
  m_Mesh: {fileID: 4300000, guid: ff9519a2b93a0b347bcbf7c74555d461, type: 3}
--- !u!4 &1201200305
Transform:
  m_ObjectHideFlags: 0
  m_CorrespondingSourceObject: {fileID: 0}
  m_PrefabInternal: {fileID: 0}
  m_GameObject: {fileID: 1201200302}
  m_LocalRotation: {x: 0, y: 0, z: 0, w: 1}
  m_LocalPosition: {x: 9.624424, y: -15.060663, z: 16.61952}
  m_LocalScale: {x: 1, y: 1, z: 1}
  m_Children: []
  m_Father: {fileID: 0}
  m_RootOrder: 7
  m_LocalEulerAnglesHint: {x: 0, y: 0, z: 0}
--- !u!1 &1351444835
GameObject:
  m_ObjectHideFlags: 0
  m_CorrespondingSourceObject: {fileID: 0}
  m_PrefabInternal: {fileID: 0}
  serializedVersion: 6
  m_Component:
  - component: {fileID: 1351444836}
  m_Layer: 0
  m_Name: Environment
  m_TagString: Untagged
  m_Icon: {fileID: 0}
  m_NavMeshLayer: 0
  m_StaticEditorFlags: 0
  m_IsActive: 1
--- !u!4 &1351444836
Transform:
  m_ObjectHideFlags: 0
  m_CorrespondingSourceObject: {fileID: 0}
  m_PrefabInternal: {fileID: 0}
  m_GameObject: {fileID: 1351444835}
  m_LocalRotation: {x: 0, y: 0, z: 0, w: 1}
  m_LocalPosition: {x: 0, y: 0, z: 0}
  m_LocalScale: {x: 1, y: 1, z: 1}
  m_Children:
  - {fileID: 457986307}
  - {fileID: 1923170324}
  - {fileID: 1927532456}
  - {fileID: 261229700}
  - {fileID: 902056644}
  - {fileID: 1964627433}
  - {fileID: 2137453069}
  - {fileID: 366873180}
  - {fileID: 1168031562}
  - {fileID: 183347525}
  m_Father: {fileID: 0}
  m_RootOrder: 5
  m_LocalEulerAnglesHint: {x: 0, y: 0, z: 0}
--- !u!1001 &1457995554
Prefab:
  m_ObjectHideFlags: 0
  serializedVersion: 2
  m_Modification:
    m_TransformParent: {fileID: 0}
    m_Modifications:
    - target: {fileID: 4683524414413770, guid: aa7d9f10fc88b4dc98864db21f2887b8, type: 2}
      propertyPath: m_LocalPosition.x
      value: 0
      objectReference: {fileID: 0}
    - target: {fileID: 4683524414413770, guid: aa7d9f10fc88b4dc98864db21f2887b8, type: 2}
      propertyPath: m_LocalPosition.y
      value: 0
      objectReference: {fileID: 0}
    - target: {fileID: 4683524414413770, guid: aa7d9f10fc88b4dc98864db21f2887b8, type: 2}
      propertyPath: m_LocalPosition.z
      value: 0
      objectReference: {fileID: 0}
    - target: {fileID: 4683524414413770, guid: aa7d9f10fc88b4dc98864db21f2887b8, type: 2}
      propertyPath: m_LocalRotation.x
      value: 0
      objectReference: {fileID: 0}
    - target: {fileID: 4683524414413770, guid: aa7d9f10fc88b4dc98864db21f2887b8, type: 2}
      propertyPath: m_LocalRotation.y
      value: 0
      objectReference: {fileID: 0}
    - target: {fileID: 4683524414413770, guid: aa7d9f10fc88b4dc98864db21f2887b8, type: 2}
      propertyPath: m_LocalRotation.z
      value: 0
      objectReference: {fileID: 0}
    - target: {fileID: 4683524414413770, guid: aa7d9f10fc88b4dc98864db21f2887b8, type: 2}
      propertyPath: m_LocalRotation.w
      value: 1
      objectReference: {fileID: 0}
    - target: {fileID: 4683524414413770, guid: aa7d9f10fc88b4dc98864db21f2887b8, type: 2}
      propertyPath: m_RootOrder
      value: 8
      objectReference: {fileID: 0}
    m_RemovedComponents: []
  m_SourcePrefab: {fileID: 100100000, guid: aa7d9f10fc88b4dc98864db21f2887b8, type: 2}
  m_IsPrefabAsset: 0
--- !u!1001 &1877982653
Prefab:
  m_ObjectHideFlags: 0
  serializedVersion: 2
  m_Modification:
    m_TransformParent: {fileID: 0}
    m_Modifications:
    - target: {fileID: 408730, guid: caed91b04a52d7747932aefe97b7cff4, type: 2}
      propertyPath: m_LocalPosition.x
      value: 2.1046753
      objectReference: {fileID: 0}
    - target: {fileID: 408730, guid: caed91b04a52d7747932aefe97b7cff4, type: 2}
      propertyPath: m_LocalPosition.y
      value: 0
      objectReference: {fileID: 0}
    - target: {fileID: 408730, guid: caed91b04a52d7747932aefe97b7cff4, type: 2}
      propertyPath: m_LocalPosition.z
      value: 0.52848816
      objectReference: {fileID: 0}
    - target: {fileID: 408730, guid: caed91b04a52d7747932aefe97b7cff4, type: 2}
      propertyPath: m_LocalRotation.x
      value: -0
      objectReference: {fileID: 0}
    - target: {fileID: 408730, guid: caed91b04a52d7747932aefe97b7cff4, type: 2}
      propertyPath: m_LocalRotation.y
      value: -0
      objectReference: {fileID: 0}
    - target: {fileID: 408730, guid: caed91b04a52d7747932aefe97b7cff4, type: 2}
      propertyPath: m_LocalRotation.z
      value: -0
      objectReference: {fileID: 0}
    - target: {fileID: 408730, guid: caed91b04a52d7747932aefe97b7cff4, type: 2}
      propertyPath: m_LocalRotation.w
      value: 1
      objectReference: {fileID: 0}
    - target: {fileID: 408730, guid: caed91b04a52d7747932aefe97b7cff4, type: 2}
      propertyPath: m_RootOrder
      value: 1
      objectReference: {fileID: 0}
    - target: {fileID: 114871148636766474, guid: caed91b04a52d7747932aefe97b7cff4,
        type: 2}
      propertyPath: _projectileToUse
      value: 
      objectReference: {fileID: 1124612433901268, guid: 7b8486d8dbb93244295e3187494a4a47,
        type: 2}
    m_RemovedComponents: []
  m_SourcePrefab: {fileID: 100100000, guid: caed91b04a52d7747932aefe97b7cff4, type: 2}
  m_IsPrefabAsset: 0
--- !u!1 &1909053608
GameObject:
  m_ObjectHideFlags: 0
  m_CorrespondingSourceObject: {fileID: 1880223290995714, guid: 1f560a3b4e6d07e4c8847539f63c11ff,
    type: 2}
  m_PrefabInternal: {fileID: 0}
  serializedVersion: 6
  m_Component:
  - component: {fileID: 1909053609}
  - component: {fileID: 1909053613}
  - component: {fileID: 1909053612}
  - component: {fileID: 1909053611}
  - component: {fileID: 1909053610}
  m_Layer: 0
  m_Name: Main Camera
  m_TagString: MainCamera
  m_Icon: {fileID: 0}
  m_NavMeshLayer: 0
  m_StaticEditorFlags: 0
  m_IsActive: 1
--- !u!4 &1909053609
Transform:
  m_ObjectHideFlags: 0
  m_CorrespondingSourceObject: {fileID: 4133014266341406, guid: 1f560a3b4e6d07e4c8847539f63c11ff,
    type: 2}
  m_PrefabInternal: {fileID: 0}
  m_GameObject: {fileID: 1909053608}
  m_LocalRotation: {x: 0.16425994, y: -0.8054418, z: 0.26154846, w: 0.50584054}
  m_LocalPosition: {x: 7.1, y: 6.24, z: 3.45}
  m_LocalScale: {x: 1, y: 1, z: 1}
  m_Children: []
  m_Father: {fileID: 854818991}
  m_RootOrder: 0
  m_LocalEulerAnglesHint: {x: 35.98, y: -115.74, z: 0}
--- !u!114 &1909053610
MonoBehaviour:
  m_ObjectHideFlags: 0
  m_CorrespondingSourceObject: {fileID: 114198293204893782, guid: 1f560a3b4e6d07e4c8847539f63c11ff,
    type: 2}
  m_PrefabInternal: {fileID: 0}
  m_GameObject: {fileID: 1909053608}
  m_Enabled: 1
  m_EditorHideFlags: 0
  m_Script: {fileID: 11500000, guid: 9f83d710eebbbca438a7ce04015996df, type: 3}
  m_Name: 
  m_EditorClassIdentifier: 
  unknownCursor: {fileID: 2800000, guid: f583eee83e4fa44ca9ae7aad88224fc5, type: 3}
  targetCursor: {fileID: 2800000, guid: 9b582cc5a05de4a6b828c8e72df8fc39, type: 3}
  buttonCursor: {fileID: 2800000, guid: b2aa98cd561424a8681ab320dbc7c67e, type: 3}
  cursorHotspot: {x: 0, y: 0}
--- !u!114 &1909053611
MonoBehaviour:
  m_ObjectHideFlags: 0
  m_CorrespondingSourceObject: {fileID: 114414536765944980, guid: 1f560a3b4e6d07e4c8847539f63c11ff,
    type: 2}
  m_PrefabInternal: {fileID: 0}
  m_GameObject: {fileID: 1909053608}
  m_Enabled: 1
  m_EditorHideFlags: 0
  m_Script: {fileID: 11500000, guid: d02853f5d34bd8f429969ac34c466d07, type: 3}
  m_Name: 
  m_EditorClassIdentifier: 
  _layerPriorities: 0a00000009000000
  _walkCursor: {fileID: 2800000, guid: 5232dff125d2a477abda5091702a1a15, type: 3}
  _cursorHotspot: {x: 0, y: 0}
--- !u!81 &1909053612
AudioListener:
  m_ObjectHideFlags: 0
  m_CorrespondingSourceObject: {fileID: 81834442988244464, guid: 1f560a3b4e6d07e4c8847539f63c11ff,
    type: 2}
  m_PrefabInternal: {fileID: 0}
  m_GameObject: {fileID: 1909053608}
  m_Enabled: 1
--- !u!20 &1909053613
Camera:
  m_ObjectHideFlags: 0
  m_CorrespondingSourceObject: {fileID: 20612859134445278, guid: 1f560a3b4e6d07e4c8847539f63c11ff,
    type: 2}
  m_PrefabInternal: {fileID: 0}
  m_GameObject: {fileID: 1909053608}
  m_Enabled: 1
  serializedVersion: 2
  m_ClearFlags: 1
  m_BackGroundColor: {r: 0.19215687, g: 0.3019608, b: 0.4745098, a: 0}
  m_projectionMatrixMode: 1
  m_SensorSize: {x: 36, y: 24}
  m_LensShift: {x: 0, y: 0}
  m_FocalLength: 50
  m_NormalizedViewPortRect:
    serializedVersion: 2
    x: 0
    y: 0
    width: 1
    height: 1
  near clip plane: 0.3
  far clip plane: 1000
  field of view: 60.7
  orthographic: 0
  orthographic size: 3
  m_Depth: -1
  m_CullingMask:
    serializedVersion: 2
    m_Bits: 4294967295
  m_RenderingPath: -1
  m_TargetTexture: {fileID: 0}
  m_TargetDisplay: 0
  m_TargetEye: 3
  m_HDR: 1
  m_AllowMSAA: 1
  m_AllowDynamicResolution: 0
  m_ForceIntoRT: 1
  m_OcclusionCulling: 1
  m_StereoConvergence: 10
  m_StereoSeparation: 0.022
--- !u!1001 &1922142371
Prefab:
  m_ObjectHideFlags: 0
  serializedVersion: 2
  m_Modification:
    m_TransformParent: {fileID: 1351444836}
    m_Modifications:
    - target: {fileID: 4982564671146732, guid: 0808e7152c771334d90d6ca8d6821b7a, type: 2}
      propertyPath: m_LocalPosition.x
      value: 76.1
      objectReference: {fileID: 0}
    - target: {fileID: 4982564671146732, guid: 0808e7152c771334d90d6ca8d6821b7a, type: 2}
      propertyPath: m_LocalPosition.y
      value: 0
      objectReference: {fileID: 0}
    - target: {fileID: 4982564671146732, guid: 0808e7152c771334d90d6ca8d6821b7a, type: 2}
      propertyPath: m_LocalPosition.z
      value: 0.3
      objectReference: {fileID: 0}
    - target: {fileID: 4982564671146732, guid: 0808e7152c771334d90d6ca8d6821b7a, type: 2}
      propertyPath: m_LocalRotation.x
      value: 0
      objectReference: {fileID: 0}
    - target: {fileID: 4982564671146732, guid: 0808e7152c771334d90d6ca8d6821b7a, type: 2}
      propertyPath: m_LocalRotation.y
      value: 1
      objectReference: {fileID: 0}
    - target: {fileID: 4982564671146732, guid: 0808e7152c771334d90d6ca8d6821b7a, type: 2}
      propertyPath: m_LocalRotation.z
      value: 0
      objectReference: {fileID: 0}
    - target: {fileID: 4982564671146732, guid: 0808e7152c771334d90d6ca8d6821b7a, type: 2}
      propertyPath: m_LocalRotation.w
      value: 0
      objectReference: {fileID: 0}
    - target: {fileID: 4982564671146732, guid: 0808e7152c771334d90d6ca8d6821b7a, type: 2}
      propertyPath: m_RootOrder
      value: 5
      objectReference: {fileID: 0}
    - target: {fileID: 4982564671146732, guid: 0808e7152c771334d90d6ca8d6821b7a, type: 2}
      propertyPath: m_LocalEulerAnglesHint.y
      value: 180
      objectReference: {fileID: 0}
    m_RemovedComponents: []
  m_SourcePrefab: {fileID: 100100000, guid: 0808e7152c771334d90d6ca8d6821b7a, type: 2}
  m_IsPrefabAsset: 0
--- !u!1001 &1923170323
Prefab:
  m_ObjectHideFlags: 0
  serializedVersion: 2
  m_Modification:
    m_TransformParent: {fileID: 1351444836}
    m_Modifications:
    - target: {fileID: 4156313870496234, guid: f7d90c4bd9faaa843b20a14d52f1bd87, type: 2}
      propertyPath: m_LocalPosition.x
      value: 5.3
      objectReference: {fileID: 0}
    - target: {fileID: 4156313870496234, guid: f7d90c4bd9faaa843b20a14d52f1bd87, type: 2}
      propertyPath: m_LocalPosition.y
      value: 0
      objectReference: {fileID: 0}
    - target: {fileID: 4156313870496234, guid: f7d90c4bd9faaa843b20a14d52f1bd87, type: 2}
      propertyPath: m_LocalPosition.z
      value: 21.42
      objectReference: {fileID: 0}
    - target: {fileID: 4156313870496234, guid: f7d90c4bd9faaa843b20a14d52f1bd87, type: 2}
      propertyPath: m_LocalRotation.x
      value: -0
      objectReference: {fileID: 0}
    - target: {fileID: 4156313870496234, guid: f7d90c4bd9faaa843b20a14d52f1bd87, type: 2}
      propertyPath: m_LocalRotation.y
      value: -0
      objectReference: {fileID: 0}
    - target: {fileID: 4156313870496234, guid: f7d90c4bd9faaa843b20a14d52f1bd87, type: 2}
      propertyPath: m_LocalRotation.z
      value: -0
      objectReference: {fileID: 0}
    - target: {fileID: 4156313870496234, guid: f7d90c4bd9faaa843b20a14d52f1bd87, type: 2}
      propertyPath: m_LocalRotation.w
      value: 1
      objectReference: {fileID: 0}
    - target: {fileID: 4156313870496234, guid: f7d90c4bd9faaa843b20a14d52f1bd87, type: 2}
      propertyPath: m_RootOrder
      value: 1
      objectReference: {fileID: 0}
    - target: {fileID: 23277356225696546, guid: f7d90c4bd9faaa843b20a14d52f1bd87,
        type: 2}
      propertyPath: m_Materials.Array.data[1]
      value: 
      objectReference: {fileID: 2100000, guid: c25c004a96c4bd44ea2c55eec24cc2d0, type: 2}
    - target: {fileID: 23959539331314480, guid: f7d90c4bd9faaa843b20a14d52f1bd87,
        type: 2}
      propertyPath: m_Materials.Array.data[1]
      value: 
      objectReference: {fileID: 2100000, guid: c25c004a96c4bd44ea2c55eec24cc2d0, type: 2}
    m_RemovedComponents: []
  m_SourcePrefab: {fileID: 100100000, guid: f7d90c4bd9faaa843b20a14d52f1bd87, type: 2}
  m_IsPrefabAsset: 0
--- !u!4 &1923170324 stripped
Transform:
  m_CorrespondingSourceObject: {fileID: 4156313870496234, guid: f7d90c4bd9faaa843b20a14d52f1bd87,
    type: 2}
  m_PrefabInternal: {fileID: 1923170323}
--- !u!1001 &1927532455
Prefab:
  m_ObjectHideFlags: 0
  serializedVersion: 2
  m_Modification:
    m_TransformParent: {fileID: 1351444836}
    m_Modifications:
    - target: {fileID: 4203307151462902, guid: 614d11320b817c04685ec13aef76aa3a, type: 2}
      propertyPath: m_LocalPosition.x
      value: -20.73
      objectReference: {fileID: 0}
    - target: {fileID: 4203307151462902, guid: 614d11320b817c04685ec13aef76aa3a, type: 2}
      propertyPath: m_LocalPosition.y
      value: 0
      objectReference: {fileID: 0}
    - target: {fileID: 4203307151462902, guid: 614d11320b817c04685ec13aef76aa3a, type: 2}
      propertyPath: m_LocalPosition.z
      value: -2.94
      objectReference: {fileID: 0}
    - target: {fileID: 4203307151462902, guid: 614d11320b817c04685ec13aef76aa3a, type: 2}
      propertyPath: m_LocalRotation.x
      value: -0
      objectReference: {fileID: 0}
    - target: {fileID: 4203307151462902, guid: 614d11320b817c04685ec13aef76aa3a, type: 2}
      propertyPath: m_LocalRotation.y
      value: -0
      objectReference: {fileID: 0}
    - target: {fileID: 4203307151462902, guid: 614d11320b817c04685ec13aef76aa3a, type: 2}
      propertyPath: m_LocalRotation.z
      value: -0
      objectReference: {fileID: 0}
    - target: {fileID: 4203307151462902, guid: 614d11320b817c04685ec13aef76aa3a, type: 2}
      propertyPath: m_LocalRotation.w
      value: 1
      objectReference: {fileID: 0}
    - target: {fileID: 4203307151462902, guid: 614d11320b817c04685ec13aef76aa3a, type: 2}
      propertyPath: m_RootOrder
      value: 2
      objectReference: {fileID: 0}
    m_RemovedComponents: []
  m_SourcePrefab: {fileID: 100100000, guid: 614d11320b817c04685ec13aef76aa3a, type: 2}
  m_IsPrefabAsset: 0
--- !u!4 &1927532456 stripped
Transform:
  m_CorrespondingSourceObject: {fileID: 4203307151462902, guid: 614d11320b817c04685ec13aef76aa3a,
    type: 2}
  m_PrefabInternal: {fileID: 1927532455}
--- !u!4 &1964627433 stripped
Transform:
  m_CorrespondingSourceObject: {fileID: 4982564671146732, guid: 0808e7152c771334d90d6ca8d6821b7a,
    type: 2}
  m_PrefabInternal: {fileID: 1922142371}
--- !u!1001 &2023145839
Prefab:
  m_ObjectHideFlags: 0
  serializedVersion: 2
  m_Modification:
    m_TransformParent: {fileID: 1351444836}
    m_Modifications:
    - target: {fileID: 4856087298316178, guid: 833a3cbec60a98b4991b7bfaa00b878f, type: 2}
      propertyPath: m_LocalPosition.x
      value: -8.306588
      objectReference: {fileID: 0}
    - target: {fileID: 4856087298316178, guid: 833a3cbec60a98b4991b7bfaa00b878f, type: 2}
      propertyPath: m_LocalPosition.y
      value: 0
      objectReference: {fileID: 0}
    - target: {fileID: 4856087298316178, guid: 833a3cbec60a98b4991b7bfaa00b878f, type: 2}
      propertyPath: m_LocalPosition.z
      value: 12.973936
      objectReference: {fileID: 0}
    - target: {fileID: 4856087298316178, guid: 833a3cbec60a98b4991b7bfaa00b878f, type: 2}
      propertyPath: m_LocalRotation.x
      value: -0
      objectReference: {fileID: 0}
    - target: {fileID: 4856087298316178, guid: 833a3cbec60a98b4991b7bfaa00b878f, type: 2}
      propertyPath: m_LocalRotation.y
      value: 0.93995845
      objectReference: {fileID: 0}
    - target: {fileID: 4856087298316178, guid: 833a3cbec60a98b4991b7bfaa00b878f, type: 2}
      propertyPath: m_LocalRotation.z
      value: -0
      objectReference: {fileID: 0}
    - target: {fileID: 4856087298316178, guid: 833a3cbec60a98b4991b7bfaa00b878f, type: 2}
      propertyPath: m_LocalRotation.w
      value: 0.341289
      objectReference: {fileID: 0}
    - target: {fileID: 4856087298316178, guid: 833a3cbec60a98b4991b7bfaa00b878f, type: 2}
      propertyPath: m_RootOrder
      value: 9
      objectReference: {fileID: 0}
    - target: {fileID: 114303246207418346, guid: 833a3cbec60a98b4991b7bfaa00b878f,
        type: 2}
      propertyPath: yRotationsPerMinute
      value: 1
      objectReference: {fileID: 0}
    - target: {fileID: 23192913663044422, guid: 833a3cbec60a98b4991b7bfaa00b878f,
        type: 2}
      propertyPath: m_DynamicOccludee
      value: 1
      objectReference: {fileID: 0}
    - target: {fileID: 23192913663044422, guid: 833a3cbec60a98b4991b7bfaa00b878f,
        type: 2}
      propertyPath: m_Materials.Array.data[3]
      value: 
      objectReference: {fileID: 2100000, guid: 1ca90176af2a97a47af0a26fd8a68262, type: 2}
    - target: {fileID: 4856087298316178, guid: 833a3cbec60a98b4991b7bfaa00b878f, type: 2}
      propertyPath: m_LocalEulerAnglesHint.y
      value: 140.089
      objectReference: {fileID: 0}
    m_RemovedComponents: []
  m_SourcePrefab: {fileID: 100100000, guid: 833a3cbec60a98b4991b7bfaa00b878f, type: 2}
  m_IsPrefabAsset: 0
--- !u!1001 &2137453068
Prefab:
  m_ObjectHideFlags: 0
  serializedVersion: 2
  m_Modification:
    m_TransformParent: {fileID: 1351444836}
    m_Modifications:
    - target: {fileID: 4203307151462902, guid: 614d11320b817c04685ec13aef76aa3a, type: 2}
      propertyPath: m_LocalPosition.x
      value: 18.63
      objectReference: {fileID: 0}
    - target: {fileID: 4203307151462902, guid: 614d11320b817c04685ec13aef76aa3a, type: 2}
      propertyPath: m_LocalPosition.y
      value: 0
      objectReference: {fileID: 0}
    - target: {fileID: 4203307151462902, guid: 614d11320b817c04685ec13aef76aa3a, type: 2}
      propertyPath: m_LocalPosition.z
      value: -23.29
      objectReference: {fileID: 0}
    - target: {fileID: 4203307151462902, guid: 614d11320b817c04685ec13aef76aa3a, type: 2}
      propertyPath: m_LocalRotation.x
      value: -0
      objectReference: {fileID: 0}
    - target: {fileID: 4203307151462902, guid: 614d11320b817c04685ec13aef76aa3a, type: 2}
      propertyPath: m_LocalRotation.y
      value: -0.7071068
      objectReference: {fileID: 0}
    - target: {fileID: 4203307151462902, guid: 614d11320b817c04685ec13aef76aa3a, type: 2}
      propertyPath: m_LocalRotation.z
      value: -0
      objectReference: {fileID: 0}
    - target: {fileID: 4203307151462902, guid: 614d11320b817c04685ec13aef76aa3a, type: 2}
      propertyPath: m_LocalRotation.w
      value: 0.7071068
      objectReference: {fileID: 0}
    - target: {fileID: 4203307151462902, guid: 614d11320b817c04685ec13aef76aa3a, type: 2}
      propertyPath: m_RootOrder
      value: 6
      objectReference: {fileID: 0}
    - target: {fileID: 1574785241151032, guid: 614d11320b817c04685ec13aef76aa3a, type: 2}
      propertyPath: m_Name
      value: House (3)
      objectReference: {fileID: 0}
    - target: {fileID: 4203307151462902, guid: 614d11320b817c04685ec13aef76aa3a, type: 2}
      propertyPath: m_LocalEulerAnglesHint.y
      value: -90
      objectReference: {fileID: 0}
    - target: {fileID: 4203307151462902, guid: 614d11320b817c04685ec13aef76aa3a, type: 2}
      propertyPath: m_LocalScale.x
      value: 1.0000005
      objectReference: {fileID: 0}
    - target: {fileID: 4203307151462902, guid: 614d11320b817c04685ec13aef76aa3a, type: 2}
      propertyPath: m_LocalScale.z
      value: 1.0000005
      objectReference: {fileID: 0}
    m_RemovedComponents: []
  m_SourcePrefab: {fileID: 100100000, guid: 614d11320b817c04685ec13aef76aa3a, type: 2}
  m_IsPrefabAsset: 0
--- !u!4 &2137453069 stripped
Transform:
  m_CorrespondingSourceObject: {fileID: 4203307151462902, guid: 614d11320b817c04685ec13aef76aa3a,
    type: 2}
  m_PrefabInternal: {fileID: 2137453068}
